<?xml version="1.0" encoding="UTF-8"?><collection xmlns="http://www.loc.gov/MARC21/slim"><record><leader>00556nam--2200217-u-4500</leader><controlfield tag="001">000050402</controlfield><controlfield tag="002">20161230</controlfield><controlfield tag="003">81808</controlfield><controlfield tag="005">20161230201048</controlfield><controlfield tag="008">070312s1000------------r-----000-0-eng-d</controlfield><datafield ind1=" " ind2=" " tag="020"><subfield code="a">0-386-2039-5</subfield></datafield><datafield ind1=" " ind2=" " tag="040"><subfield code="a">IFIN-HH</subfield></datafield><datafield ind1=" " ind2=" " tag="041"><subfield code="a">eng</subfield></datafield><datafield ind1="1" ind2=" " tag="100"><subfield code="a">Hummel,Rolf E</subfield></datafield><datafield ind1="1" ind2="0" tag="245"><subfield code="a">Understanding Materials Science. History.Properties.Applications</subfield></datafield><datafield ind1=" " ind2=" " tag="250"><subfield code="a">Second Edition</subfield></datafield><datafield ind1=" " ind2=" " tag="260"><subfield code="a">New York</subfield><subfield code="b">Springer</subfield><subfield code="c">2004</subfield></datafield><datafield ind1=" " ind2=" " tag="300"><subfield code="a">440 p</subfield></datafield><datafield ind1=" " ind2="4" tag="650"><subfield code="a">Mechanical Properties of Materials</subfield></datafield><datafield ind1=" " ind2=" " tag="852"><subfield code="a">81808</subfield></datafield><datafield ind1=" " ind2=" " tag="CAT"><subfield code="a">Sys</subfield><subfield code="c">20070312</subfield><subfield code="h">111446</subfield></datafield></record></collection>